@online{ticketmaster_wikipedia,
    author={Wikipedia},
    title = {Ticketmaster},
    url= {https://en.wikipedia.org/wiki/Ticketmaster},
    year={2025-02-28},
    urldate = {2025-03-04},
}
@online{introducing_safetix,
    author = {ticketmaster},
    title = {Introducing SafeTix, Ticketmasterâ€™s Next-Gen Encrypted Tickets},
    url = {https://blog.ticketmaster.com/introducing-safetix-ticketmasters-next-gen-encrypted-tickets/},
    year = {2019-05-22},
    urldate = {2025-03-04},
}
@online{ticketmaster_safetix_faq,
    author = {ticketmaster},
    title = {Mobile Tickets},
    url = {https://www.ticketmaster.com/mobile-tickets},
    urldate = {2025-03-04},
}
@online{ticketmaster_mobile_ticketing,
    author = {ticketmaster},
    title = {Mobile Ticketing: An Essential for Safe Entry},
    url = {https://blog.ticketmaster.com/mobile-ticketing-an-essential-for-safe-entry/},
    year = {2021-01-13},
    urldate = {2025-03-04},
}
@online{nba_safetix_faq,
    author = {NBA},
    title = {Managing Mobile Tickets},
    url = {https://www.nba.com/hawks/managetickets},
    urldate = {2025-03-04},
}
@online{reverse_engineering_ticketmaster,
    author = {Conduition},
    title = {Reverse Engineering TicketMaster's Rotating Barcodes (SafeTix)},
    url = {https://conduition.io/coding/ticketmaster/},
    year = {2024-02-04},
    urldate = {2025-03-04},
}
