@book{McDowell_Cracking_2015,
    author = {McDowell, Gayle Laakman},
    title = {Cracking the Coding Interview},
    publisher = {CareerUp LLC},
    address = {Palo Alto, CA, USA},
    edition = {6th edition},
    year = {2015},
}
